<record xmlns="http://www.loc.gov/MARC21/slim">
   <leader>01195cam a2200313 a 4500</leader>
   <controlfield tag="001">1403186</controlfield>
   <controlfield tag="008">910917s1985    nyuab    cb       0 eng d</controlfield>
   <datafield ind1=" " ind2=" " tag="010">
      <subfield code="a">   85070170 //r86</subfield>
   </datafield>
   <datafield ind1=" " ind2=" " tag="035">
      <subfield code="a">ocm12261512</subfield>
   </datafield>
   <datafield ind1=" " ind2=" " tag="040">
      <subfield code="a">DLC</subfield>
      <subfield code="b">eng</subfield>
      <subfield code="c">DLC</subfield>
   </datafield>
   <datafield ind1=" " ind2=" " tag="043">
      <subfield code="a">a-cc---</subfield>
   </datafield>
   <datafield ind1=" " ind2=" " tag="049">
      <subfield code="a">AEU</subfield>
      <subfield code="b">eng</subfield>
   </datafield>
   <datafield ind1="0" ind2="0" tag="050">
      <subfield code="a">NK9900.7.C6</subfield>
      <subfield code="b">W38 1985</subfield>
   </datafield>
   <datafield ind1="0" ind2=" " tag="082">
      <subfield code="a">745.7/2</subfield>
      <subfield code="2">19</subfield>
   </datafield>
   <datafield ind1="0" ind2=" " tag="090">
      <subfield code="a">NK 9900.7 C6 W345 A4 1985</subfield>
   </datafield>
   <datafield ind1="1" ind2=" " tag="100">
      <subfield code="a">Watt, James C. Y.</subfield>
   </datafield>
   <datafield ind1="1" ind2="4" tag="245">
      <subfield code="a">The sumptuous basket :</subfield>
      <subfield code="b">Chinese lacquer with basketry panels /</subfield>
      <subfield code="c">James C.Y. Watt.</subfield>
   </datafield>
   <datafield ind1=" " ind2=" " tag="260">
      <subfield code="a">New York :</subfield>
      <subfield code="b">China House Gallery, China Institute in America,</subfield>
      <subfield code="c">c1985.</subfield>
   </datafield>
   <datafield ind1=" " ind2=" " tag="300">
      <subfield code="a">103 p. :</subfield>
      <subfield code="b">ill. (some col.), map ;</subfield>
      <subfield code="c">28 cm.</subfield>
   </datafield>
   <datafield ind1=" " ind2=" " tag="336">
      <subfield code="a">text</subfield>
      <subfield code="b">txt</subfield>
      <subfield code="2">rdacontent</subfield>
   </datafield>
   <datafield ind1=" " ind2=" " tag="337">
      <subfield code="a">unmediated</subfield>
      <subfield code="b">n</subfield>
      <subfield code="2">rdamedia</subfield>
   </datafield>
   <datafield ind1=" " ind2=" " tag="338">
      <subfield code="a">volume</subfield>
      <subfield code="b">nc</subfield>
      <subfield code="2">rdacarrier</subfield>
   </datafield>
   <datafield ind1=" " ind2=" " tag="500">
      <subfield code="a">Catalog of an exhibition held March 30-June 3, 1985 at China House Gallery, New York City.</subfield>
   </datafield>
   <datafield ind1=" " ind2=" " tag="504">
      <subfield code="a">Bibliography: p. 97.</subfield>
   </datafield>
   <datafield ind1=" " ind2=" " tag="596">
      <subfield code="a">38</subfield>
   </datafield>
   <datafield ind1=" " ind2="0" tag="650">
      <subfield code="a">Lacquer and lacquering</subfield>
      <subfield code="z">China</subfield>
      <subfield code="v">Exhibitions.</subfield>
   </datafield>
   <datafield ind1=" " ind2="0" tag="650">
      <subfield code="a">Bamboo baskets</subfield>
      <subfield code="z">China</subfield>
      <subfield code="v">Exhibitions.</subfield>
   </datafield>
   <datafield ind1="2" ind2=" " tag="710">
      <subfield code="a">China House Gallery.</subfield>
   </datafield>
   <datafield ind1=" " ind2=" " tag="926">
      <subfield code="a">NK 9900.7 C6 W345 A4 1985</subfield>
      <subfield code="w">LC</subfield>
      <subfield code="c">1</subfield>
      <subfield code="i">000037639283</subfield>
      <subfield code="d">9/8/1995</subfield>
      <subfield code="l">ON_SHELF</subfield>
      <subfield code="m">UABARD</subfield>
      <subfield code="n">1</subfield>
      <subfield code="p">$150.00</subfield>
      <subfield code="r">Y</subfield>
      <subfield code="s">Y</subfield>
      <subfield code="t">BOOK</subfield>
      <subfield code="u">9/20/1991</subfield>
      <subfield code="o">.STAFF. B0006788</subfield>
   </datafield>
</record>
